%YAML 1.1
%TAG !u! tag:unity3d.com,2011:
--- !u!1 &5392123548218965665
GameObject:
  m_ObjectHideFlags: 0
  m_CorrespondingSourceObject: {fileID: 0}
  m_PrefabInstance: {fileID: 0}
  m_PrefabAsset: {fileID: 0}
  serializedVersion: 6
  m_Component:
  - component: {fileID: 5392123548218925697}
  m_Layer: 0
  m_Name: B-f_middle_02.R
  m_TagString: Untagged
  m_Icon: {fileID: 0}
  m_NavMeshLayer: 0
  m_StaticEditorFlags: 0
  m_IsActive: 1
--- !u!4 &5392123548218925697
Transform:
  m_ObjectHideFlags: 0
  m_CorrespondingSourceObject: {fileID: 0}
  m_PrefabInstance: {fileID: 0}
  m_PrefabAsset: {fileID: 0}
  m_GameObject: {fileID: 5392123548218965665}
  m_LocalRotation: {x: -0.00033219813, y: -0.0000011600206, z: 0.0000009932556, w: 0.99999994}
  m_LocalPosition: {x: -0.042658024, y: 0, z: 0.000000114068385}
  m_LocalScale: {x: 1, y: 1, z: 1}
  m_Children:
  - {fileID: 5392123548218925709}
  m_Father: {fileID: 5392123548218925701}
  m_RootOrder: 0
  m_LocalEulerAnglesHint: {x: 0, y: 0, z: 0}
--- !u!1 &5392123548218965667
GameObject:
  m_ObjectHideFlags: 0
  m_CorrespondingSourceObject: {fileID: 0}
  m_PrefabInstance: {fileID: 0}
  m_PrefabAsset: {fileID: 0}
  serializedVersion: 6
  m_Component:
  - component: {fileID: 5392123548218925699}
  m_Layer: 0
  m_Name: B-f_middle_03.L
  m_TagString: Untagged
  m_Icon: {fileID: 0}
  m_NavMeshLayer: 0
  m_StaticEditorFlags: 0
  m_IsActive: 1
--- !u!4 &5392123548218925699
Transform:
  m_ObjectHideFlags: 0
  m_CorrespondingSourceObject: {fileID: 0}
  m_PrefabInstance: {fileID: 0}
  m_PrefabAsset: {fileID: 0}
  m_GameObject: {fileID: 5392123548218965667}
  m_LocalRotation: {x: 0.0042819562, y: -0.03149472, z: -0.009391823, w: 0.9994506}
  m_LocalPosition: {x: -0.037158135, y: 0.000000009536743, z: 0.000000034943223}
  m_LocalScale: {x: 1, y: 1, z: 1}
  m_Children: []
  m_Father: {fileID: 5392123548218925703}
  m_RootOrder: 0
  m_LocalEulerAnglesHint: {x: 0, y: 0, z: 0}
--- !u!1 &5392123548218965669
GameObject:
  m_ObjectHideFlags: 0
  m_CorrespondingSourceObject: {fileID: 0}
  m_PrefabInstance: {fileID: 0}
  m_PrefabAsset: {fileID: 0}
  serializedVersion: 6
  m_Component:
  - component: {fileID: 5392123548218925701}
  m_Layer: 0
  m_Name: B-f_middle_01.R
  m_TagString: Untagged
  m_Icon: {fileID: 0}
  m_NavMeshLayer: 0
  m_StaticEditorFlags: 0
  m_IsActive: 1
--- !u!4 &5392123548218925701
Transform:
  m_ObjectHideFlags: 0
  m_CorrespondingSourceObject: {fileID: 0}
  m_PrefabInstance: {fileID: 0}
  m_PrefabAsset: {fileID: 0}
  m_GameObject: {fileID: 5392123548218965669}
  m_LocalRotation: {x: -0.0048905346, y: -0.018784238, z: -0.022674987, w: 0.99955446}
  m_LocalPosition: {x: -0.06142743, y: 0.0000000047683715, z: -0.000000113435085}
  m_LocalScale: {x: 1, y: 1, z: 1}
  m_Children:
  - {fileID: 5392123548218925697}
  m_Father: {fileID: 5392123548218925785}
  m_RootOrder: 0
  m_LocalEulerAnglesHint: {x: 0, y: 0, z: 0}
--- !u!1 &5392123548218965671
GameObject:
  m_ObjectHideFlags: 0
  m_CorrespondingSourceObject: {fileID: 0}
  m_PrefabInstance: {fileID: 0}
  m_PrefabAsset: {fileID: 0}
  serializedVersion: 6
  m_Component:
  - component: {fileID: 5392123548218925703}
  m_Layer: 0
  m_Name: B-f_middle_02.L
  m_TagString: Untagged
  m_Icon: {fileID: 0}
  m_NavMeshLayer: 0
  m_StaticEditorFlags: 0
  m_IsActive: 1
--- !u!4 &5392123548218925703
Transform:
  m_ObjectHideFlags: 0
  m_CorrespondingSourceObject: {fileID: 0}
  m_PrefabInstance: {fileID: 0}
  m_PrefabAsset: {fileID: 0}
  m_GameObject: {fileID: 5392123548218965671}
  m_LocalRotation: {x: 0.00033219697, y: -0.0000011800441, z: -0.0000009480865, w: 0.99999994}
  m_LocalPosition: {x: -0.042657994, y: -0.000000019073486, z: -0.000000039488075}
  m_LocalScale: {x: 1, y: 1, z: 1}
  m_Children:
  - {fileID: 5392123548218925699}
  m_Father: {fileID: 5392123548218925723}
  m_RootOrder: 0
  m_LocalEulerAnglesHint: {x: 0, y: 0, z: 0}
--- !u!1 &5392123548218965673
GameObject:
  m_ObjectHideFlags: 0
  m_CorrespondingSourceObject: {fileID: 0}
  m_PrefabInstance: {fileID: 0}
  m_PrefabAsset: {fileID: 0}
  serializedVersion: 6
  m_Component:
  - component: {fileID: 5392123548218925705}
  m_Layer: 0
  m_Name: B-f_pinky_01.R
  m_TagString: Untagged
  m_Icon: {fileID: 0}
  m_NavMeshLayer: 0
  m_StaticEditorFlags: 0
  m_IsActive: 1
--- !u!4 &5392123548218925705
Transform:
  m_ObjectHideFlags: 0
  m_CorrespondingSourceObject: {fileID: 0}
  m_PrefabInstance: {fileID: 0}
  m_PrefabAsset: {fileID: 0}
  m_GameObject: {fileID: 5392123548218965673}
  m_LocalRotation: {x: 0.052128617, y: 0.028997207, z: -0.100930445, w: 0.9931036}
  m_LocalPosition: {x: -0.05712855, y: 0.000000001490116, z: -0.0000003513228}
  m_LocalScale: {x: 1, y: 1, z: 1}
  m_Children:
  - {fileID: 5392123548218925749}
  m_Father: {fileID: 5392123548218925761}
  m_RootOrder: 0
  m_LocalEulerAnglesHint: {x: 0, y: 0, z: 0}
--- !u!1 &5392123548218965675
GameObject:
  m_ObjectHideFlags: 0
  m_CorrespondingSourceObject: {fileID: 0}
  m_PrefabInstance: {fileID: 0}
  m_PrefabAsset: {fileID: 0}
  serializedVersion: 6
  m_Component:
  - component: {fileID: 5392123548218925707}
  m_Layer: 0
  m_Name: B-f_pinky_02.L
  m_TagString: Untagged
  m_Icon: {fileID: 0}
  m_NavMeshLayer: 0
  m_StaticEditorFlags: 0
  m_IsActive: 1
--- !u!4 &5392123548218925707
Transform:
  m_ObjectHideFlags: 0
  m_CorrespondingSourceObject: {fileID: 0}
  m_PrefabInstance: {fileID: 0}
  m_PrefabAsset: {fileID: 0}
  m_GameObject: {fileID: 5392123548218965675}
  m_LocalRotation: {x: -0.000021805055, y: 0.0000053578988, z: 0.00000027846545, w: 1}
  m_LocalPosition: {x: -0.031359363, y: -0.000000015497207, z: 0.00000005714595}
  m_LocalScale: {x: 1, y: 1, z: 1}
  m_Children:
  - {fileID: 5392123548218925751}
  m_Father: {fileID: 5392123548218925711}
  m_RootOrder: 0
  m_LocalEulerAnglesHint: {x: 0, y: 0, z: 0}
--- !u!1 &5392123548218965677
GameObject:
  m_ObjectHideFlags: 0
  m_CorrespondingSourceObject: {fileID: 0}
  m_PrefabInstance: {fileID: 0}
  m_PrefabAsset: {fileID: 0}
  serializedVersion: 6
  m_Component:
  - component: {fileID: 5392123548218925709}
  m_Layer: 0
  m_Name: B-f_middle_03.R
  m_TagString: Untagged
  m_Icon: {fileID: 0}
  m_NavMeshLayer: 0
  m_StaticEditorFlags: 0
  m_IsActive: 1
--- !u!4 &5392123548218925709
Transform:
  m_ObjectHideFlags: 0
  m_CorrespondingSourceObject: {fileID: 0}
  m_PrefabInstance: {fileID: 0}
  m_PrefabAsset: {fileID: 0}
  m_GameObject: {fileID: 5392123548218965677}
  m_LocalRotation: {x: -0.004281966, y: -0.031494796, z: 0.009391809, w: 0.9994506}
  m_LocalPosition: {x: -0.037158232, y: -0.000000009536743, z: 0.00000009298324}
  m_LocalScale: {x: 1, y: 1, z: 1}
  m_Children: []
  m_Father: {fileID: 5392123548218925697}
  m_RootOrder: 0
  m_LocalEulerAnglesHint: {x: 0, y: 0, z: 0}
--- !u!1 &5392123548218965679
GameObject:
  m_ObjectHideFlags: 0
  m_CorrespondingSourceObject: {fileID: 0}
  m_PrefabInstance: {fileID: 0}
  m_PrefabAsset: {fileID: 0}
  serializedVersion: 6
  m_Component:
  - component: {fileID: 5392123548218925711}
  m_Layer: 0
  m_Name: B-f_pinky_01.L
  m_TagString: Untagged
  m_Icon: {fileID: 0}
  m_NavMeshLayer: 0
  m_StaticEditorFlags: 0
  m_IsActive: 1
--- !u!4 &5392123548218925711
Transform:
  m_ObjectHideFlags: 0
  m_CorrespondingSourceObject: {fileID: 0}
  m_PrefabInstance: {fileID: 0}
  m_PrefabAsset: {fileID: 0}
  m_GameObject: {fileID: 5392123548218965679}
  m_LocalRotation: {x: -0.052128658, y: 0.028997518, z: 0.100930534, w: 0.9931036}
  m_LocalPosition: {x: -0.057128623, y: 0.00000001013279, z: -0.00000008418225}
  m_LocalScale: {x: 1, y: 1, z: 1}
  m_Children:
  - {fileID: 5392123548218925707}
  m_Father: {fileID: 5392123548218925767}
  m_RootOrder: 0
  m_LocalEulerAnglesHint: {x: 0, y: 0, z: 0}
--- !u!1 &5392123548218965681
GameObject:
  m_ObjectHideFlags: 0
  m_CorrespondingSourceObject: {fileID: 0}
  m_PrefabInstance: {fileID: 0}
  m_PrefabAsset: {fileID: 0}
  serializedVersion: 6
  m_Component:
  - component: {fileID: 5392123548218925713}
  m_Layer: 0
  m_Name: B-f_index_01.R
  m_TagString: Untagged
  m_Icon: {fileID: 0}
  m_NavMeshLayer: 0
  m_StaticEditorFlags: 0
  m_IsActive: 1
--- !u!4 &5392123548218925713
Transform:
  m_ObjectHideFlags: 0
  m_CorrespondingSourceObject: {fileID: 0}
  m_PrefabInstance: {fileID: 0}
  m_PrefabAsset: {fileID: 0}
  m_GameObject: {fileID: 5392123548218965681}
  m_LocalRotation: {x: -0.00042207027, y: 0.016356604, z: -0.009588276, w: 0.9998202}
  m_LocalPosition: {x: -0.06574794, y: 0.000000028610229, z: 0.000000032484532}
  m_LocalScale: {x: 1, y: 1, z: 1}
  m_Children:
  - {fileID: 5392123548218925725}
  m_Father: {fileID: 5392123548218925789}
  m_RootOrder: 0
  m_LocalEulerAnglesHint: {x: 0, y: 0, z: 0}
--- !u!1 &5392123548218965683
GameObject:
  m_ObjectHideFlags: 0
  m_CorrespondingSourceObject: {fileID: 0}
  m_PrefabInstance: {fileID: 0}
  m_PrefabAsset: {fileID: 0}
  serializedVersion: 6
  m_Component:
  - component: {fileID: 5392123548218925715}
  m_Layer: 0
  m_Name: B-f_index_02.L
  m_TagString: Untagged
  m_Icon: {fileID: 0}
  m_NavMeshLayer: 0
  m_StaticEditorFlags: 0
  m_IsActive: 1
--- !u!4 &5392123548218925715
Transform:
  m_ObjectHideFlags: 0
  m_CorrespondingSourceObject: {fileID: 0}
  m_PrefabInstance: {fileID: 0}
  m_PrefabAsset: {fileID: 0}
  m_GameObject: {fileID: 5392123548218965683}
  m_LocalRotation: {x: -0.0025631706, y: 0.000003837528, z: 0.0000003306206, w: 0.9999967}
  m_LocalPosition: {x: -0.040779766, y: 0.0000000023841857, z: 0.0000000667572}
  m_LocalScale: {x: 1, y: 1, z: 1}
  m_Children:
  - {fileID: 5392123548218925727}
  m_Father: {fileID: 5392123548218925719}
  m_RootOrder: 0
  m_LocalEulerAnglesHint: {x: 0, y: 0, z: 0}
--- !u!1 &5392123548218965685
GameObject:
  m_ObjectHideFlags: 0
  m_CorrespondingSourceObject: {fileID: 0}
  m_PrefabInstance: {fileID: 0}
  m_PrefabAsset: {fileID: 0}
  serializedVersion: 6
  m_Component:
  - component: {fileID: 5392123548218925717}
  m_Layer: 0
  m_Name: B-chest
  m_TagString: Untagged
  m_Icon: {fileID: 0}
  m_NavMeshLayer: 0
  m_StaticEditorFlags: 0
  m_IsActive: 1
--- !u!4 &5392123548218925717
Transform:
  m_ObjectHideFlags: 0
  m_CorrespondingSourceObject: {fileID: 0}
  m_PrefabInstance: {fileID: 0}
  m_PrefabAsset: {fileID: 0}
  m_GameObject: {fileID: 5392123548218965685}
  m_LocalRotation: {x: -0.000000007038407, y: -0.093226515, z: -1.6326134e-15, w: 0.9956449}
  m_LocalPosition: {x: -0.15002982, y: 0.000000011326936, z: 0.0000000023841857}
  m_LocalScale: {x: 1, y: 1, z: 1}
  m_Children:
  - {fileID: 5392123548218925805}
  m_Father: {fileID: 5392123548218925771}
  m_RootOrder: 0
  m_LocalEulerAnglesHint: {x: 0, y: 0, z: 0}
--- !u!1 &5392123548218965687
GameObject:
  m_ObjectHideFlags: 0
  m_CorrespondingSourceObject: {fileID: 0}
  m_PrefabInstance: {fileID: 0}
  m_PrefabAsset: {fileID: 0}
  serializedVersion: 6
  m_Component:
  - component: {fileID: 5392123548218925719}
  m_Layer: 0
  m_Name: B-f_index_01.L
  m_TagString: Untagged
  m_Icon: {fileID: 0}
  m_NavMeshLayer: 0
  m_StaticEditorFlags: 0
  m_IsActive: 1
--- !u!4 &5392123548218925719
Transform:
  m_ObjectHideFlags: 0
  m_CorrespondingSourceObject: {fileID: 0}
  m_PrefabInstance: {fileID: 0}
  m_PrefabAsset: {fileID: 0}
  m_GameObject: {fileID: 5392123548218965687}
  m_LocalRotation: {x: 0.00042208104, y: 0.0163567, z: 0.009588327, w: 0.9998202}
  m_LocalPosition: {x: -0.065747954, y: -0.0000000023841857, z: -0.00000006318092}
  m_LocalScale: {x: 1, y: 1, z: 1}
  m_Children:
  - {fileID: 5392123548218925715}
  m_Father: {fileID: 5392123548218925779}
  m_RootOrder: 0
  m_LocalEulerAnglesHint: {x: 0, y: 0, z: 0}
--- !u!1 &5392123548218965689
GameObject:
  m_ObjectHideFlags: 0
  m_CorrespondingSourceObject: {fileID: 0}
  m_PrefabInstance: {fileID: 0}
  m_PrefabAsset: {fileID: 0}
  serializedVersion: 6
  m_Component:
  - component: {fileID: 5392123548218925721}
  m_Layer: 0
  m_Name: B-f_index_03.R
  m_TagString: Untagged
  m_Icon: {fileID: 0}
  m_NavMeshLayer: 0
  m_StaticEditorFlags: 0
  m_IsActive: 1
--- !u!4 &5392123548218925721
Transform:
  m_ObjectHideFlags: 0
  m_CorrespondingSourceObject: {fileID: 0}
  m_PrefabInstance: {fileID: 0}
  m_PrefabAsset: {fileID: 0}
  m_GameObject: {fileID: 5392123548218965689}
  m_LocalRotation: {x: -0.009143351, y: -0.030862816, z: 0.01217258, w: 0.9994077}
  m_LocalPosition: {x: -0.035522256, y: 0.00000004053116, z: -0.000000014603137}
  m_LocalScale: {x: 1, y: 1, z: 1}
  m_Children: []
  m_Father: {fileID: 5392123548218925725}
  m_RootOrder: 0
  m_LocalEulerAnglesHint: {x: 0, y: 0, z: 0}
--- !u!1 &5392123548218965691
GameObject:
  m_ObjectHideFlags: 0
  m_CorrespondingSourceObject: {fileID: 0}
  m_PrefabInstance: {fileID: 0}
  m_PrefabAsset: {fileID: 0}
  serializedVersion: 6
  m_Component:
  - component: {fileID: 5392123548218925723}
  m_Layer: 0
  m_Name: B-f_middle_01.L
  m_TagString: Untagged
  m_Icon: {fileID: 0}
  m_NavMeshLayer: 0
  m_StaticEditorFlags: 0
  m_IsActive: 1
--- !u!4 &5392123548218925723
Transform:
  m_ObjectHideFlags: 0
  m_CorrespondingSourceObject: {fileID: 0}
  m_PrefabInstance: {fileID: 0}
  m_PrefabAsset: {fileID: 0}
  m_GameObject: {fileID: 5392123548218965691}
  m_LocalRotation: {x: 0.0048905257, y: -0.018784212, z: 0.022675002, w: 0.99955446}
  m_LocalPosition: {x: -0.06142746, y: -0.000000014305114, z: -0.000000057071446}
  m_LocalScale: {x: 1, y: 1, z: 1}
  m_Children:
  - {fileID: 5392123548218925703}
  m_Father: {fileID: 5392123548218925791}
  m_RootOrder: 0
  m_LocalEulerAnglesHint: {x: 0, y: 0, z: 0}
--- !u!1 &5392123548218965693
GameObject:
  m_ObjectHideFlags: 0
  m_CorrespondingSourceObject: {fileID: 0}
  m_PrefabInstance: {fileID: 0}
  m_PrefabAsset: {fileID: 0}
  serializedVersion: 6
  m_Component:
  - component: {fileID: 5392123548218925725}
  m_Layer: 0
  m_Name: B-f_index_02.R
  m_TagString: Untagged
  m_Icon: {fileID: 0}
  m_NavMeshLayer: 0
  m_StaticEditorFlags: 0
  m_IsActive: 1
--- !u!4 &5392123548218925725
Transform:
  m_ObjectHideFlags: 0
  m_CorrespondingSourceObject: {fileID: 0}
  m_PrefabInstance: {fileID: 0}
  m_PrefabAsset: {fileID: 0}
  m_GameObject: {fileID: 5392123548218965693}
  m_LocalRotation: {x: 0.0025631757, y: 0.0000038044657, z: -0.00000036601097, w: 0.9999967}
  m_LocalPosition: {x: -0.040779904, y: 0.000000028610229, z: 0.000000075399875}
  m_LocalScale: {x: 1, y: 1, z: 1}
  m_Children:
  - {fileID: 5392123548218925721}
  m_Father: {fileID: 5392123548218925713}
  m_RootOrder: 0
  m_LocalEulerAnglesHint: {x: 0, y: 0, z: 0}
--- !u!1 &5392123548218965695
GameObject:
  m_ObjectHideFlags: 0
  m_CorrespondingSourceObject: {fileID: 0}
  m_PrefabInstance: {fileID: 0}
  m_PrefabAsset: {fileID: 0}
  serializedVersion: 6
  m_Component:
  - component: {fileID: 5392123548218925727}
  m_Layer: 0
  m_Name: B-f_index_03.L
  m_TagString: Untagged
  m_Icon: {fileID: 0}
  m_NavMeshLayer: 0
  m_StaticEditorFlags: 0
  m_IsActive: 1
--- !u!4 &5392123548218925727
Transform:
  m_ObjectHideFlags: 0
  m_CorrespondingSourceObject: {fileID: 0}
  m_PrefabInstance: {fileID: 0}
  m_PrefabAsset: {fileID: 0}
  m_GameObject: {fileID: 5392123548218965695}
  m_LocalRotation: {x: 0.009143357, y: -0.030862847, z: -0.012172584, w: 0.9994077}
  m_LocalPosition: {x: -0.035522237, y: 0.0000000333786, z: -0.000000046789644}
  m_LocalScale: {x: 1, y: 1, z: 1}
  m_Children: []
  m_Father: {fileID: 5392123548218925715}
  m_RootOrder: 0
  m_LocalEulerAnglesHint: {x: 0, y: 0, z: 0}
--- !u!1 &5392123548218965697
GameObject:
  m_ObjectHideFlags: 0
  m_CorrespondingSourceObject: {fileID: 0}
  m_PrefabInstance: {fileID: 0}
  m_PrefabAsset: {fileID: 0}
  serializedVersion: 6
  m_Component:
  - component: {fileID: 5392123548218925729}
  m_Layer: 0
  m_Name: B-foot.R
  m_TagString: Untagged
  m_Icon: {fileID: 0}
  m_NavMeshLayer: 0
  m_StaticEditorFlags: 0
  m_IsActive: 1
--- !u!4 &5392123548218925729
Transform:
  m_ObjectHideFlags: 0
  m_CorrespondingSourceObject: {fileID: 0}
  m_PrefabInstance: {fileID: 0}
  m_PrefabAsset: {fileID: 0}
  m_GameObject: {fileID: 5392123548218965697}
  m_LocalRotation: {x: -0.01593167, y: -0.48206484, z: -0.040026493, w: 0.8750758}
  m_LocalPosition: {x: -0.37212938, y: 0.000000017732381, z: 0.0000000038743018}
  m_LocalScale: {x: 1, y: 1, z: 1}
  m_Children:
  - {fileID: 5392123548218925799}
  m_Father: {fileID: 5392123548218925773}
  m_RootOrder: 0
  m_LocalEulerAnglesHint: {x: 0, y: 0, z: 0}
--- !u!1 &5392123548218965699
GameObject:
  m_ObjectHideFlags: 0
  m_CorrespondingSourceObject: {fileID: 0}
  m_PrefabInstance: {fileID: 0}
  m_PrefabAsset: {fileID: 0}
  serializedVersion: 6
  m_Component:
  - component: {fileID: 5392123548218925731}
  m_Layer: 0
  m_Name: B-forearm.L
  m_TagString: Untagged
  m_Icon: {fileID: 0}
  m_NavMeshLayer: 0
  m_StaticEditorFlags: 0
  m_IsActive: 1
--- !u!4 &5392123548218925731
Transform:
  m_ObjectHideFlags: 0
  m_CorrespondingSourceObject: {fileID: 0}
  m_PrefabInstance: {fileID: 0}
  m_PrefabAsset: {fileID: 0}
  m_GameObject: {fileID: 5392123548218965699}
  m_LocalRotation: {x: 0.028163316, y: 0.22121507, z: -0.0028729516, w: 0.9748141}
  m_LocalPosition: {x: -0.24156953, y: -0.00000008940697, z: 0.0000000023841857}
  m_LocalScale: {x: 1, y: 1, z: 1}
  m_Children:
  - {fileID: 5392123548218925743}
  m_Father: {fileID: 5392123548218925793}
  m_RootOrder: 0
  m_LocalEulerAnglesHint: {x: 0, y: 0, z: 0}
--- !u!1 &5392123548218965701
GameObject:
  m_ObjectHideFlags: 0
  m_CorrespondingSourceObject: {fileID: 0}
  m_PrefabInstance: {fileID: 0}
  m_PrefabAsset: {fileID: 0}
  serializedVersion: 6
  m_Component:
  - component: {fileID: 5392123548218925733}
  m_Layer: 0
  m_Name: B-f_ring_03.R
  m_TagString: Untagged
  m_Icon: {fileID: 0}
  m_NavMeshLayer: 0
  m_StaticEditorFlags: 0
  m_IsActive: 1
--- !u!4 &5392123548218925733
Transform:
  m_ObjectHideFlags: 0
  m_CorrespondingSourceObject: {fileID: 0}
  m_PrefabInstance: {fileID: 0}
  m_PrefabAsset: {fileID: 0}
  m_GameObject: {fileID: 5392123548218965701}
  m_LocalRotation: {x: -0.009598393, y: -0.03182742, z: 0.009255567, w: 0.99940443}
  m_LocalPosition: {x: -0.034910727, y: 0.0000000047683715, z: -0.0000000731647}
  m_LocalScale: {x: 1, y: 1, z: 1}
  m_Children: []
  m_Father: {fileID: 5392123548218925753}
  m_RootOrder: 0
  m_LocalEulerAnglesHint: {x: 0, y: 0, z: 0}
--- !u!1 &5392123548218965703
GameObject:
  m_ObjectHideFlags: 0
  m_CorrespondingSourceObject: {fileID: 0}
  m_PrefabInstance: {fileID: 0}
  m_PrefabAsset: {fileID: 0}
  serializedVersion: 6
  m_Component:
  - component: {fileID: 5392123548218925735}
  m_Layer: 0
  m_Name: B-foot.L
  m_TagString: Untagged
  m_Icon: {fileID: 0}
  m_NavMeshLayer: 0
  m_StaticEditorFlags: 0
  m_IsActive: 1
--- !u!4 &5392123548218925735
Transform:
  m_ObjectHideFlags: 0
  m_CorrespondingSourceObject: {fileID: 0}
  m_PrefabInstance: {fileID: 0}
  m_PrefabAsset: {fileID: 0}
  m_GameObject: {fileID: 5392123548218965703}
  m_LocalRotation: {x: 0.015931599, y: -0.48206484, z: 0.040026493, w: 0.8750758}
  m_LocalPosition: {x: -0.37212938, y: 0.00000004172325, z: 0.000000004172325}
  m_LocalScale: {x: 1, y: 1, z: 1}
  m_Children:
  - {fileID: 5392123548218925797}
  m_Father: {fileID: 5392123548218925763}
  m_RootOrder: 0
  m_LocalEulerAnglesHint: {x: 0, y: 0, z: 0}
--- !u!1 &5392123548218965705
GameObject:
  m_ObjectHideFlags: 0
  m_CorrespondingSourceObject: {fileID: 0}
  m_PrefabInstance: {fileID: 0}
  m_PrefabAsset: {fileID: 0}
  serializedVersion: 6
  m_Component:
  - component: {fileID: 5392123548218925737}
  m_Layer: 0
  m_Name: B-hand.R
  m_TagString: Untagged
  m_Icon: {fileID: 0}
  m_NavMeshLayer: 0
  m_StaticEditorFlags: 0
  m_IsActive: 1
--- !u!4 &5392123548218925737
Transform:
  m_ObjectHideFlags: 0
  m_CorrespondingSourceObject: {fileID: 0}
  m_PrefabInstance: {fileID: 0}
  m_PrefabAsset: {fileID: 0}
  m_GameObject: {fileID: 5392123548218965705}
  m_LocalRotation: {x: -0.70140743, y: 0.00074975466, z: 0.054087512, w: 0.71070504}
  m_LocalPosition: {x: -0.26793486, y: 0.00000015927944, z: -0.0000000035762786}
  m_LocalScale: {x: 1, y: 1, z: 1}
  m_Children:
  - {fileID: 5392123548218925789}
  - {fileID: 5392123548218925785}
  - {fileID: 5392123548218925765}
  - {fileID: 5392123548218925761}
  m_Father: {fileID: 5392123548218925741}
  m_RootOrder: 0
  m_LocalEulerAnglesHint: {x: 0, y: 0, z: 0}
--- !u!1 &5392123548218965707
GameObject:
  m_ObjectHideFlags: 0
  m_CorrespondingSourceObject: {fileID: 0}
  m_PrefabInstance: {fileID: 0}
  m_PrefabAsset: {fileID: 0}
  serializedVersion: 6
  m_Component:
  - component: {fileID: 5392123548218925739}
  m_Layer: 0
  m_Name: B-head
  m_TagString: Untagged
  m_Icon: {fileID: 0}
  m_NavMeshLayer: 0
  m_StaticEditorFlags: 0
  m_IsActive: 1
--- !u!4 &5392123548218925739
Transform:
  m_ObjectHideFlags: 0
  m_CorrespondingSourceObject: {fileID: 0}
  m_PrefabInstance: {fileID: 0}
  m_PrefabAsset: {fileID: 0}
  m_GameObject: {fileID: 5392123548218965707}
  m_LocalRotation: {x: -0.0000000044917527, y: -0.05949506, z: 1.1325737e-15, w: 0.9982286}
  m_LocalPosition: {x: -0.06786167, y: 0.0000000051234, z: -0.000000009536743}
  m_LocalScale: {x: 1, y: 1, z: 1}
  m_Children:
  - {fileID: 5392123548218925783}
  m_Father: {fileID: 5392123548218925777}
  m_RootOrder: 0
  m_LocalEulerAnglesHint: {x: 0, y: 0, z: 0}
--- !u!1 &5392123548218965709
GameObject:
  m_ObjectHideFlags: 0
  m_CorrespondingSourceObject: {fileID: 0}
  m_PrefabInstance: {fileID: 0}
  m_PrefabAsset: {fileID: 0}
  serializedVersion: 6
  m_Component:
  - component: {fileID: 5392123548218925741}
  m_Layer: 0
  m_Name: B-forearm.R
  m_TagString: Untagged
  m_Icon: {fileID: 0}
  m_NavMeshLayer: 0
  m_StaticEditorFlags: 0
  m_IsActive: 1
--- !u!4 &5392123548218925741
Transform:
  m_ObjectHideFlags: 0
  m_CorrespondingSourceObject: {fileID: 0}
  m_PrefabInstance: {fileID: 0}
  m_PrefabAsset: {fileID: 0}
  m_GameObject: {fileID: 5392123548218965709}
  m_LocalRotation: {x: -0.0281634, y: 0.221215, z: 0.002872479, w: 0.9748141}
  m_LocalPosition: {x: -0.2415696, y: -0.000000016093253, z: 0.000000008940696}
  m_LocalScale: {x: 1, y: 1, z: 1}
  m_Children:
  - {fileID: 5392123548218925737}
  m_Father: {fileID: 5392123548218925795}
  m_RootOrder: 0
  m_LocalEulerAnglesHint: {x: 0, y: 0, z: 0}
--- !u!1 &5392123548218965711
GameObject:
  m_ObjectHideFlags: 0
  m_CorrespondingSourceObject: {fileID: 0}
  m_PrefabInstance: {fileID: 0}
  m_PrefabAsset: {fileID: 0}
  serializedVersion: 6
  m_Component:
  - component: {fileID: 5392123548218925743}
  m_Layer: 0
  m_Name: B-hand.L
  m_TagString: Untagged
  m_Icon: {fileID: 0}
  m_NavMeshLayer: 0
  m_StaticEditorFlags: 0
  m_IsActive: 1
--- !u!4 &5392123548218925743
Transform:
  m_ObjectHideFlags: 0
  m_CorrespondingSourceObject: {fileID: 0}
  m_PrefabInstance: {fileID: 0}
  m_PrefabAsset: {fileID: 0}
  m_GameObject: {fileID: 5392123548218965711}
  m_LocalRotation: {x: 0.7014075, y: 0.00074999576, z: -0.05408711, w: 0.710705}
  m_LocalPosition: {x: -0.26793483, y: -0.00000015778467, z: -0.000000021457671}
  m_LocalScale: {x: 1, y: 1, z: 1}
  m_Children:
  - {fileID: 5392123548218925779}
  - {fileID: 5392123548218925791}
  - {fileID: 5392123548218925787}
  - {fileID: 5392123548218925767}
  m_Father: {fileID: 5392123548218925731}
  m_RootOrder: 0
  m_LocalEulerAnglesHint: {x: 0, y: 0, z: 0}
--- !u!1 &5392123548218965713
GameObject:
  m_ObjectHideFlags: 0
  m_CorrespondingSourceObject: {fileID: 0}
  m_PrefabInstance: {fileID: 0}
  m_PrefabAsset: {fileID: 0}
  serializedVersion: 6
  m_Component:
  - component: {fileID: 5392123548218925745}
  m_Layer: 0
  m_Name: B-f_pinky_03.R
  m_TagString: Untagged
  m_Icon: {fileID: 0}
  m_NavMeshLayer: 0
  m_StaticEditorFlags: 0
  m_IsActive: 1
--- !u!4 &5392123548218925745
Transform:
  m_ObjectHideFlags: 0
  m_CorrespondingSourceObject: {fileID: 0}
  m_PrefabInstance: {fileID: 0}
  m_PrefabAsset: {fileID: 0}
  m_GameObject: {fileID: 5392123548218965713}
  m_LocalRotation: {x: -0.017380545, y: -0.0400702, z: 0.012956782, w: 0.9989617}
  m_LocalPosition: {x: -0.02731658, y: -0.000000013113022, z: 0.00000003695488}
  m_LocalScale: {x: 1, y: 1, z: 1}
  m_Children: []
  m_Father: {fileID: 5392123548218925749}
  m_RootOrder: 0
  m_LocalEulerAnglesHint: {x: 0, y: 0, z: 0}
--- !u!1 &5392123548218965715
GameObject:
  m_ObjectHideFlags: 0
  m_CorrespondingSourceObject: {fileID: 0}
  m_PrefabInstance: {fileID: 0}
  m_PrefabAsset: {fileID: 0}
  serializedVersion: 6
  m_Component:
  - component: {fileID: 5392123548218925747}
  m_Layer: 0
  m_Name: B-f_ring_01.L
  m_TagString: Untagged
  m_Icon: {fileID: 0}
  m_NavMeshLayer: 0
  m_StaticEditorFlags: 0
  m_IsActive: 1
--- !u!4 &5392123548218925747
Transform:
  m_ObjectHideFlags: 0
  m_CorrespondingSourceObject: {fileID: 0}
  m_PrefabInstance: {fileID: 0}
  m_PrefabAsset: {fileID: 0}
  m_GameObject: {fileID: 5392123548218965715}
  m_LocalRotation: {x: 0.0697372, y: -0.021383185, z: 0.08487403, w: 0.9937182}
  m_LocalPosition: {x: -0.060844738, y: -0.000000007152557, z: 0.000000012814998}
  m_LocalScale: {x: 1, y: 1, z: 1}
  m_Children:
  - {fileID: 5392123548218925759}
  m_Father: {fileID: 5392123548218925787}
  m_RootOrder: 0
  m_LocalEulerAnglesHint: {x: 0, y: 0, z: 0}
--- !u!1 &5392123548218965717
GameObject:
  m_ObjectHideFlags: 0
  m_CorrespondingSourceObject: {fileID: 0}
  m_PrefabInstance: {fileID: 0}
  m_PrefabAsset: {fileID: 0}
  serializedVersion: 6
  m_Component:
  - component: {fileID: 5392123548218925749}
  m_Layer: 0
  m_Name: B-f_pinky_02.R
  m_TagString: Untagged
  m_Icon: {fileID: 0}
  m_NavMeshLayer: 0
  m_StaticEditorFlags: 0
  m_IsActive: 1
--- !u!4 &5392123548218925749
Transform:
  m_ObjectHideFlags: 0
  m_CorrespondingSourceObject: {fileID: 0}
  m_PrefabInstance: {fileID: 0}
  m_PrefabAsset: {fileID: 0}
  m_GameObject: {fileID: 5392123548218965717}
  m_LocalRotation: {x: 0.00002182927, y: 0.000005618669, z: -0.00000029988587, w: 1}
  m_LocalPosition: {x: -0.03135934, y: 0.00000001013279, z: -0.000000038146972}
  m_LocalScale: {x: 1, y: 1, z: 1}
  m_Children:
  - {fileID: 5392123548218925745}
  m_Father: {fileID: 5392123548218925705}
  m_RootOrder: 0
  m_LocalEulerAnglesHint: {x: 0, y: 0, z: 0}
--- !u!1 &5392123548218965719
GameObject:
  m_ObjectHideFlags: 0
  m_CorrespondingSourceObject: {fileID: 0}
  m_PrefabInstance: {fileID: 0}
  m_PrefabAsset: {fileID: 0}
  serializedVersion: 6
  m_Component:
  - component: {fileID: 5392123548218925751}
  m_Layer: 0
  m_Name: B-f_pinky_03.L
  m_TagString: Untagged
  m_Icon: {fileID: 0}
  m_NavMeshLayer: 0
  m_StaticEditorFlags: 0
  m_IsActive: 1
--- !u!4 &5392123548218925751
Transform:
  m_ObjectHideFlags: 0
  m_CorrespondingSourceObject: {fileID: 0}
  m_PrefabInstance: {fileID: 0}
  m_PrefabAsset: {fileID: 0}
  m_GameObject: {fileID: 5392123548218965719}
  m_LocalRotation: {x: 0.017380541, y: -0.040070176, z: -0.012956791, w: 0.9989617}
  m_LocalPosition: {x: -0.027316505, y: -0.000000011920928, z: -5.9604643e-10}
  m_LocalScale: {x: 1, y: 1, z: 1}
  m_Children: []
  m_Father: {fileID: 5392123548218925707}
  m_RootOrder: 0
  m_LocalEulerAnglesHint: {x: 0, y: 0, z: 0}
--- !u!1 &5392123548218965721
GameObject:
  m_ObjectHideFlags: 0
  m_CorrespondingSourceObject: {fileID: 0}
  m_PrefabInstance: {fileID: 0}
  m_PrefabAsset: {fileID: 0}
  serializedVersion: 6
  m_Component:
  - component: {fileID: 5392123548218925753}
  m_Layer: 0
  m_Name: B-f_ring_02.R
  m_TagString: Untagged
  m_Icon: {fileID: 0}
  m_NavMeshLayer: 0
  m_StaticEditorFlags: 0
  m_IsActive: 1
--- !u!4 &5392123548218925753
Transform:
  m_ObjectHideFlags: 0
  m_CorrespondingSourceObject: {fileID: 0}
  m_PrefabInstance: {fileID: 0}
  m_PrefabAsset: {fileID: 0}
  m_GameObject: {fileID: 5392123548218965721}
  m_LocalRotation: {x: -0.0019314834, y: 0.0000014114801, z: -0.0000015818543, w: 0.99999815}
  m_LocalPosition: {x: -0.040077522, y: 0.0000000023841857, z: -0.000000090450044}
  m_LocalScale: {x: 1, y: 1, z: 1}
  m_Children:
  - {fileID: 5392123548218925733}
  m_Father: {fileID: 5392123548218925757}
  m_RootOrder: 0
  m_LocalEulerAnglesHint: {x: 0, y: 0, z: 0}
--- !u!1 &5392123548218965723
GameObject:
  m_ObjectHideFlags: 0
  m_CorrespondingSourceObject: {fileID: 0}
  m_PrefabInstance: {fileID: 0}
  m_PrefabAsset: {fileID: 0}
  serializedVersion: 6
  m_Component:
  - component: {fileID: 5392123548218925755}
  m_Layer: 0
  m_Name: B-f_ring_03.L
  m_TagString: Untagged
  m_Icon: {fileID: 0}
  m_NavMeshLayer: 0
  m_StaticEditorFlags: 0
  m_IsActive: 1
--- !u!4 &5392123548218925755
Transform:
  m_ObjectHideFlags: 0
  m_CorrespondingSourceObject: {fileID: 0}
  m_PrefabInstance: {fileID: 0}
  m_PrefabAsset: {fileID: 0}
  m_GameObject: {fileID: 5392123548218965723}
  m_LocalRotation: {x: 0.009598396, y: -0.031827234, z: -0.00925556, w: 0.99940443}
  m_LocalPosition: {x: -0.034910686, y: 0.000000009536743, z: 0.0000002297014}
  m_LocalScale: {x: 1, y: 1, z: 1}
  m_Children: []
  m_Father: {fileID: 5392123548218925759}
  m_RootOrder: 0
  m_LocalEulerAnglesHint: {x: 0, y: 0, z: 0}
--- !u!1 &5392123548218965725
GameObject:
  m_ObjectHideFlags: 0
  m_CorrespondingSourceObject: {fileID: 0}
  m_PrefabInstance: {fileID: 0}
  m_PrefabAsset: {fileID: 0}
  serializedVersion: 6
  m_Component:
  - component: {fileID: 5392123548218925757}
  m_Layer: 0
  m_Name: B-f_ring_01.R
  m_TagString: Untagged
  m_Icon: {fileID: 0}
  m_NavMeshLayer: 0
  m_StaticEditorFlags: 0
  m_IsActive: 1
--- !u!4 &5392123548218925757
Transform:
  m_ObjectHideFlags: 0
  m_CorrespondingSourceObject: {fileID: 0}
  m_PrefabInstance: {fileID: 0}
  m_PrefabAsset: {fileID: 0}
  m_GameObject: {fileID: 5392123548218965725}
  m_LocalRotation: {x: -0.06973718, y: -0.021383189, z: -0.084874, w: 0.99371827}
  m_LocalPosition: {x: -0.06084482, y: -0.000000011920928, z: -0.000000043213365}
  m_LocalScale: {x: 1, y: 1, z: 1}
  m_Children:
  - {fileID: 5392123548218925753}
  m_Father: {fileID: 5392123548218925765}
  m_RootOrder: 0
  m_LocalEulerAnglesHint: {x: 0, y: 0, z: 0}
--- !u!1 &5392123548218965727
GameObject:
  m_ObjectHideFlags: 0
  m_CorrespondingSourceObject: {fileID: 0}
  m_PrefabInstance: {fileID: 0}
  m_PrefabAsset: {fileID: 0}
  serializedVersion: 6
  m_Component:
  - component: {fileID: 5392123548218925759}
  m_Layer: 0
  m_Name: B-f_ring_02.L
  m_TagString: Untagged
  m_Icon: {fileID: 0}
  m_NavMeshLayer: 0
  m_StaticEditorFlags: 0
  m_IsActive: 1
--- !u!4 &5392123548218925759
Transform:
  m_ObjectHideFlags: 0
  m_CorrespondingSourceObject: {fileID: 0}
  m_PrefabInstance: {fileID: 0}
  m_PrefabAsset: {fileID: 0}
  m_GameObject: {fileID: 5392123548218965727}
  m_LocalRotation: {x: 0.0019314686, y: 0.0000013732378, z: 0.000001578595, w: 0.99999815}
  m_LocalPosition: {x: -0.040077537, y: -0.0000000047683715, z: 0.000000058859584}
  m_LocalScale: {x: 1, y: 1, z: 1}
  m_Children:
  - {fileID: 5392123548218925755}
  m_Father: {fileID: 5392123548218925747}
  m_RootOrder: 0
  m_LocalEulerAnglesHint: {x: 0, y: 0, z: 0}
--- !u!1 &5392123548218965729
GameObject:
  m_ObjectHideFlags: 0
  m_CorrespondingSourceObject: {fileID: 0}
  m_PrefabInstance: {fileID: 0}
  m_PrefabAsset: {fileID: 0}
  serializedVersion: 6
  m_Component:
  - component: {fileID: 5392123548218925761}
  m_Layer: 0
  m_Name: B-palm_04.R
  m_TagString: Untagged
  m_Icon: {fileID: 0}
  m_NavMeshLayer: 0
  m_StaticEditorFlags: 0
  m_IsActive: 1
--- !u!4 &5392123548218925761
Transform:
  m_ObjectHideFlags: 0
  m_CorrespondingSourceObject: {fileID: 0}
  m_PrefabInstance: {fileID: 0}
  m_PrefabAsset: {fileID: 0}
  m_GameObject: {fileID: 5392123548218965729}
  m_LocalRotation: {x: 0.0097933635, y: 0.07465396, z: -0.16861331, w: 0.98280233}
  m_LocalPosition: {x: -0.058680043, y: 0.029752055, z: -0.012020856}
  m_LocalScale: {x: 1, y: 1, z: 1}
  m_Children:
  - {fileID: 5392123548218925705}
  m_Father: {fileID: 5392123548218925737}
  m_RootOrder: 3
  m_LocalEulerAnglesHint: {x: 0, y: 0, z: 0}
--- !u!1 &5392123548218965731
GameObject:
  m_ObjectHideFlags: 0
  m_CorrespondingSourceObject: {fileID: 0}
  m_PrefabInstance: {fileID: 0}
  m_PrefabAsset: {fileID: 0}
  serializedVersion: 6
  m_Component:
  - component: {fileID: 5392123548218925763}
  m_Layer: 0
  m_Name: B-shin.L
  m_TagString: Untagged
  m_Icon: {fileID: 0}
  m_NavMeshLayer: 0
  m_StaticEditorFlags: 0
  m_IsActive: 1
--- !u!4 &5392123548218925763
Transform:
  m_ObjectHideFlags: 0
  m_CorrespondingSourceObject: {fileID: 0}
  m_PrefabInstance: {fileID: 0}
  m_PrefabAsset: {fileID: 0}
  m_GameObject: {fileID: 5392123548218965731}
  m_LocalRotation: {x: -0.028173609, y: 0.016359435, z: -0.018330809, w: 0.9993011}
  m_LocalPosition: {x: -0.46664804, y: 0.00000003308058, z: 0.0000000038743018}
  m_LocalScale: {x: 1, y: 1, z: 1}
  m_Children:
  - {fileID: 5392123548218925735}
  m_Father: {fileID: 5392123548218925813}
  m_RootOrder: 0
  m_LocalEulerAnglesHint: {x: 0, y: 0, z: 0}
--- !u!1 &5392123548218965733
GameObject:
  m_ObjectHideFlags: 0
  m_CorrespondingSourceObject: {fileID: 0}
  m_PrefabInstance: {fileID: 0}
  m_PrefabAsset: {fileID: 0}
  serializedVersion: 6
  m_Component:
  - component: {fileID: 5392123548218925765}
  m_Layer: 0
  m_Name: B-palm_03.R
  m_TagString: Untagged
  m_Icon: {fileID: 0}
  m_NavMeshLayer: 0
  m_StaticEditorFlags: 0
  m_IsActive: 1
--- !u!4 &5392123548218925765
Transform:
  m_ObjectHideFlags: 0
  m_CorrespondingSourceObject: {fileID: 0}
  m_PrefabInstance: {fileID: 0}
  m_PrefabAsset: {fileID: 0}
  m_GameObject: {fileID: 5392123548218965733}
  m_LocalRotation: {x: 0.08836176, y: 0.07215531, z: -0.10151167, w: 0.98827183}
  m_LocalPosition: {x: -0.06600201, y: 0.011525219, z: -0.01095279}
  m_LocalScale: {x: 1, y: 1, z: 1}
  m_Children:
  - {fileID: 5392123548218925757}
  m_Father: {fileID: 5392123548218925737}
  m_RootOrder: 2
  m_LocalEulerAnglesHint: {x: 0, y: 0, z: 0}
--- !u!1 &5392123548218965735
GameObject:
  m_ObjectHideFlags: 0
  m_CorrespondingSourceObject: {fileID: 0}
  m_PrefabInstance: {fileID: 0}
  m_PrefabAsset: {fileID: 0}
  serializedVersion: 6
  m_Component:
  - component: {fileID: 5392123548218925767}
  m_Layer: 0
  m_Name: B-palm_04.L
  m_TagString: Untagged
  m_Icon: {fileID: 0}
  m_NavMeshLayer: 0
  m_StaticEditorFlags: 0
  m_IsActive: 1
--- !u!4 &5392123548218925767
Transform:
  m_ObjectHideFlags: 0
  m_CorrespondingSourceObject: {fileID: 0}
  m_PrefabInstance: {fileID: 0}
  m_PrefabAsset: {fileID: 0}
  m_GameObject: {fileID: 5392123548218965735}
  m_LocalRotation: {x: -0.00979335, y: 0.07465386, z: 0.16861334, w: 0.98280233}
  m_LocalPosition: {x: -0.058680046, y: -0.029752037, z: -0.012020656}
  m_LocalScale: {x: 1, y: 1, z: 1}
  m_Children:
  - {fileID: 5392123548218925711}
  m_Father: {fileID: 5392123548218925743}
  m_RootOrder: 3
  m_LocalEulerAnglesHint: {x: 0, y: 0, z: 0}
--- !u!1 &5392123548218965737
GameObject:
  m_ObjectHideFlags: 0
  m_CorrespondingSourceObject: {fileID: 0}
  m_PrefabInstance: {fileID: 0}
  m_PrefabAsset: {fileID: 0}
  serializedVersion: 6
  m_Component:
  - component: {fileID: 5392123548218925769}
  m_Layer: 0
  m_Name: B-shoulder.R
  m_TagString: Untagged
  m_Icon: {fileID: 0}
  m_NavMeshLayer: 0
  m_StaticEditorFlags: 0
  m_IsActive: 1
--- !u!4 &5392123548218925769
Transform:
  m_ObjectHideFlags: 0
  m_CorrespondingSourceObject: {fileID: 0}
  m_PrefabInstance: {fileID: 0}
  m_PrefabAsset: {fileID: 0}
  m_GameObject: {fileID: 5392123548218965737}
  m_LocalRotation: {x: 0.40660262, y: -0.5810519, z: -0.49002716, w: 0.5068791}
  m_LocalPosition: {x: -0.20774671, y: 0.000000015684448, z: -0.0000000047683715}
  m_LocalScale: {x: 1, y: 1, z: 1}
  m_Children:
  - {fileID: 5392123548218925795}
  m_Father: {fileID: 5392123548218925805}
  m_RootOrder: 2
  m_LocalEulerAnglesHint: {x: 0, y: 0, z: 0}
--- !u!1 &5392123548218965739
GameObject:
  m_ObjectHideFlags: 0
  m_CorrespondingSourceObject: {fileID: 0}
  m_PrefabInstance: {fileID: 0}
  m_PrefabAsset: {fileID: 0}
  serializedVersion: 6
  m_Component:
  - component: {fileID: 5392123548218925771}
  m_Layer: 0
  m_Name: B-spine
  m_TagString: Untagged
  m_Icon: {fileID: 0}
  m_NavMeshLayer: 0
  m_StaticEditorFlags: 0
  m_IsActive: 1
--- !u!4 &5392123548218925771
Transform:
  m_ObjectHideFlags: 0
  m_CorrespondingSourceObject: {fileID: 0}
  m_PrefabInstance: {fileID: 0}
  m_PrefabAsset: {fileID: 0}
  m_GameObject: {fileID: 5392123548218965739}
  m_LocalRotation: {x: 0.000000002643308, y: 0.035011686, z: -2.2598103e-18, w: 0.9993869}
  m_LocalPosition: {x: -0.17945907, y: 0.000000013548781, z: 0.0000000023841857}
  m_LocalScale: {x: 1, y: 1, z: 1}
  m_Children:
  - {fileID: 5392123548218925717}
  m_Father: {fileID: 5392123548218925781}
  m_RootOrder: 0
  m_LocalEulerAnglesHint: {x: 0, y: 0, z: 0}
--- !u!1 &5392123548218965741
GameObject:
  m_ObjectHideFlags: 0
  m_CorrespondingSourceObject: {fileID: 0}
  m_PrefabInstance: {fileID: 0}
  m_PrefabAsset: {fileID: 0}
  serializedVersion: 6
  m_Component:
  - component: {fileID: 5392123548218925773}
  m_Layer: 0
  m_Name: B-shin.R
  m_TagString: Untagged
  m_Icon: {fileID: 0}
  m_NavMeshLayer: 0
  m_StaticEditorFlags: 0
  m_IsActive: 1
--- !u!4 &5392123548218925773
Transform:
  m_ObjectHideFlags: 0
  m_CorrespondingSourceObject: {fileID: 0}
  m_PrefabInstance: {fileID: 0}
  m_PrefabAsset: {fileID: 0}
  m_GameObject: {fileID: 5392123548218965741}
  m_LocalRotation: {x: 0.02817364, y: 0.016359432, z: 0.018330812, w: 0.9993011}
  m_LocalPosition: {x: -0.46664813, y: 0.000000036358834, z: 0.0000000025331974}
  m_LocalScale: {x: 1, y: 1, z: 1}
  m_Children:
  - {fileID: 5392123548218925729}
  m_Father: {fileID: 5392123548218925815}
  m_RootOrder: 0
  m_LocalEulerAnglesHint: {x: 0, y: 0, z: 0}
--- !u!1 &5392123548218965743
GameObject:
  m_ObjectHideFlags: 0
  m_CorrespondingSourceObject: {fileID: 0}
  m_PrefabInstance: {fileID: 0}
  m_PrefabAsset: {fileID: 0}
  serializedVersion: 6
  m_Component:
  - component: {fileID: 5392123548218925775}
  m_Layer: 0
  m_Name: B-shoulder.L
  m_TagString: Untagged
  m_Icon: {fileID: 0}
  m_NavMeshLayer: 0
  m_StaticEditorFlags: 0
  m_IsActive: 1
--- !u!4 &5392123548218925775
Transform:
  m_ObjectHideFlags: 0
  m_CorrespondingSourceObject: {fileID: 0}
  m_PrefabInstance: {fileID: 0}
  m_PrefabAsset: {fileID: 0}
  m_GameObject: {fileID: 5392123548218965743}
  m_LocalRotation: {x: -0.40660268, y: -0.581052, z: 0.49002716, w: 0.506879}
  m_LocalPosition: {x: -0.20774671, y: 0.000000015684448, z: -0.0000000047683715}
  m_LocalScale: {x: 1, y: 1, z: 1}
  m_Children:
  - {fileID: 5392123548218925793}
  m_Father: {fileID: 5392123548218925805}
  m_RootOrder: 1
  m_LocalEulerAnglesHint: {x: 0, y: 0, z: 0}
--- !u!1 &5392123548218965745
GameObject:
  m_ObjectHideFlags: 0
  m_CorrespondingSourceObject: {fileID: 0}
  m_PrefabInstance: {fileID: 0}
  m_PrefabAsset: {fileID: 0}
  serializedVersion: 6
  m_Component:
  - component: {fileID: 5392123548218925777}
  m_Layer: 0
  m_Name: B-neck
  m_TagString: Untagged
  m_Icon: {fileID: 0}
  m_NavMeshLayer: 0
  m_StaticEditorFlags: 0
  m_IsActive: 1
--- !u!4 &5392123548218925777
Transform:
  m_ObjectHideFlags: 0
  m_CorrespondingSourceObject: {fileID: 0}
  m_PrefabInstance: {fileID: 0}
  m_PrefabAsset: {fileID: 0}
  m_GameObject: {fileID: 5392123548218965745}
  m_LocalRotation: {x: 0.000000007598814, y: 0.10064934, z: -2.5974996e-16, w: 0.994922}
  m_LocalPosition: {x: -0.20774671, y: 0.000000015684448, z: -0.0000000047683715}
  m_LocalScale: {x: 1, y: 1, z: 1}
  m_Children:
  - {fileID: 5392123548218925739}
  m_Father: {fileID: 5392123548218925805}
  m_RootOrder: 0
  m_LocalEulerAnglesHint: {x: 0, y: 0, z: 0}
--- !u!1 &5392123548218965747
GameObject:
  m_ObjectHideFlags: 0
  m_CorrespondingSourceObject: {fileID: 0}
  m_PrefabInstance: {fileID: 0}
  m_PrefabAsset: {fileID: 0}
  serializedVersion: 6
  m_Component:
  - component: {fileID: 5392123548218925779}
  m_Layer: 0
  m_Name: B-palm_01.L
  m_TagString: Untagged
  m_Icon: {fileID: 0}
  m_NavMeshLayer: 0
  m_StaticEditorFlags: 0
  m_IsActive: 1
--- !u!4 &5392123548218925779
Transform:
  m_ObjectHideFlags: 0
  m_CorrespondingSourceObject: {fileID: 0}
  m_PrefabInstance: {fileID: 0}
  m_PrefabAsset: {fileID: 0}
  m_GameObject: {fileID: 5392123548218965747}
  m_LocalRotation: {x: -0.01189583, y: 0.04189436, z: -0.017682035, w: 0.99889475}
  m_LocalPosition: {x: -0.06908302, y: 0.033185564, z: 0.0042055743}
  m_LocalScale: {x: 1, y: 1, z: 1}
  m_Children:
  - {fileID: 5392123548218925719}
  - {fileID: 5392123548218925809}
  m_Father: {fileID: 5392123548218925743}
  m_RootOrder: 0
  m_LocalEulerAnglesHint: {x: 0, y: 0, z: 0}
--- !u!1 &5392123548218965749
GameObject:
  m_ObjectHideFlags: 0
  m_CorrespondingSourceObject: {fileID: 0}
  m_PrefabInstance: {fileID: 0}
  m_PrefabAsset: {fileID: 0}
  serializedVersion: 6
  m_Component:
  - component: {fileID: 5392123548218925781}
  m_Layer: 0
  m_Name: B-hips
  m_TagString: Untagged
  m_Icon: {fileID: 0}
  m_NavMeshLayer: 0
  m_StaticEditorFlags: 0
  m_IsActive: 1
--- !u!4 &5392123548218925781
Transform:
  m_ObjectHideFlags: 0
  m_CorrespondingSourceObject: {fileID: 0}
  m_PrefabInstance: {fileID: 0}
  m_PrefabAsset: {fileID: 0}
  m_GameObject: {fileID: 5392123548218965749}
  m_LocalRotation: {x: 0.008619175, y: 0.0086191725, z: -0.70705426, w: 0.70705426}
  m_LocalPosition: {x: 0.0000000668458, y: 0.88539946, z: -0.0415529}
  m_LocalScale: {x: 1, y: 1, z: 1}
  m_Children:
  - {fileID: 5392123548218925771}
  - {fileID: 5392123548218925813}
  - {fileID: 5392123548218925815}
  m_Father: {fileID: 5392123548218925845}
  m_RootOrder: 0
  m_LocalEulerAnglesHint: {x: 0, y: 0, z: 0}
--- !u!1 &5392123548218965751
GameObject:
  m_ObjectHideFlags: 0
  m_CorrespondingSourceObject: {fileID: 0}
  m_PrefabInstance: {fileID: 0}
  m_PrefabAsset: {fileID: 0}
  serializedVersion: 6
  m_Component:
  - component: {fileID: 5392123548218925783}
  m_Layer: 0
  m_Name: B-jaw
  m_TagString: Untagged
  m_Icon: {fileID: 0}
  m_NavMeshLayer: 0
  m_StaticEditorFlags: 0
  m_IsActive: 1
--- !u!4 &5392123548218925783
Transform:
  m_ObjectHideFlags: 0
  m_CorrespondingSourceObject: {fileID: 0}
  m_PrefabInstance: {fileID: 0}
  m_PrefabAsset: {fileID: 0}
  m_GameObject: {fileID: 5392123548218965751}
  m_LocalRotation: {x: 0.0000012506623, y: 0.78078395, z: -0.0000014892286, w: 0.6248011}
  m_LocalPosition: {x: -0.003997507, y: 3.018006e-10, z: -0.0018375348}
  m_LocalScale: {x: 1, y: 1, z: 1}
  m_Children: []
  m_Father: {fileID: 5392123548218925739}
  m_RootOrder: 0
  m_LocalEulerAnglesHint: {x: 0, y: 0, z: 0}
--- !u!1 &5392123548218965753
GameObject:
  m_ObjectHideFlags: 0
  m_CorrespondingSourceObject: {fileID: 0}
  m_PrefabInstance: {fileID: 0}
  m_PrefabAsset: {fileID: 0}
  serializedVersion: 6
  m_Component:
  - component: {fileID: 5392123548218925785}
  m_Layer: 0
  m_Name: B-palm_02.R
  m_TagString: Untagged
  m_Icon: {fileID: 0}
  m_NavMeshLayer: 0
  m_StaticEditorFlags: 0
  m_IsActive: 1
--- !u!4 &5392123548218925785
Transform:
  m_ObjectHideFlags: 0
  m_CorrespondingSourceObject: {fileID: 0}
  m_PrefabInstance: {fileID: 0}
  m_PrefabAsset: {fileID: 0}
  m_GameObject: {fileID: 5392123548218965753}
  m_LocalRotation: {x: -0.0035364293, y: 0.05273469, z: -0.055409394, w: 0.9970639}
  m_LocalPosition: {x: -0.072049394, y: -0.011996686, z: -0.0036965122}
  m_LocalScale: {x: 1, y: 1, z: 1}
  m_Children:
  - {fileID: 5392123548218925701}
  m_Father: {fileID: 5392123548218925737}
  m_RootOrder: 1
  m_LocalEulerAnglesHint: {x: 0, y: 0, z: 0}
--- !u!1 &5392123548218965755
GameObject:
  m_ObjectHideFlags: 0
  m_CorrespondingSourceObject: {fileID: 0}
  m_PrefabInstance: {fileID: 0}
  m_PrefabAsset: {fileID: 0}
  serializedVersion: 6
  m_Component:
  - component: {fileID: 5392123548218925787}
  m_Layer: 0
  m_Name: B-palm_03.L
  m_TagString: Untagged
  m_Icon: {fileID: 0}
  m_NavMeshLayer: 0
  m_StaticEditorFlags: 0
  m_IsActive: 1
--- !u!4 &5392123548218925787
Transform:
  m_ObjectHideFlags: 0
  m_CorrespondingSourceObject: {fileID: 0}
  m_PrefabInstance: {fileID: 0}
  m_PrefabAsset: {fileID: 0}
  m_GameObject: {fileID: 5392123548218965755}
  m_LocalRotation: {x: -0.08836174, y: 0.07215523, z: 0.101511635, w: 0.98827183}
  m_LocalPosition: {x: -0.066002, y: -0.011525202, z: -0.01095259}
  m_LocalScale: {x: 1, y: 1, z: 1}
  m_Children:
  - {fileID: 5392123548218925747}
  m_Father: {fileID: 5392123548218925743}
  m_RootOrder: 2
  m_LocalEulerAnglesHint: {x: 0, y: 0, z: 0}
--- !u!1 &5392123548218965757
GameObject:
  m_ObjectHideFlags: 0
  m_CorrespondingSourceObject: {fileID: 0}
  m_PrefabInstance: {fileID: 0}
  m_PrefabAsset: {fileID: 0}
  serializedVersion: 6
  m_Component:
  - component: {fileID: 5392123548218925789}
  m_Layer: 0
  m_Name: B-palm_01.R
  m_TagString: Untagged
  m_Icon: {fileID: 0}
  m_NavMeshLayer: 0
  m_StaticEditorFlags: 0
  m_IsActive: 1
--- !u!4 &5392123548218925789
Transform:
  m_ObjectHideFlags: 0
  m_CorrespondingSourceObject: {fileID: 0}
  m_PrefabInstance: {fileID: 0}
  m_PrefabAsset: {fileID: 0}
  m_GameObject: {fileID: 5392123548218965757}
  m_LocalRotation: {x: 0.01189586, y: 0.041894488, z: 0.01768198, w: 0.99889475}
  m_LocalPosition: {x: -0.06908304, y: -0.03318554, z: 0.00420553}
  m_LocalScale: {x: 1, y: 1, z: 1}
  m_Children:
  - {fileID: 5392123548218925713}
  - {fileID: 5392123548218925811}
  m_Father: {fileID: 5392123548218925737}
  m_RootOrder: 0
  m_LocalEulerAnglesHint: {x: 0, y: 0, z: 0}
--- !u!1 &5392123548218965759
GameObject:
  m_ObjectHideFlags: 0
  m_CorrespondingSourceObject: {fileID: 0}
  m_PrefabInstance: {fileID: 0}
  m_PrefabAsset: {fileID: 0}
  serializedVersion: 6
  m_Component:
  - component: {fileID: 5392123548218925791}
  m_Layer: 0
  m_Name: B-palm_02.L
  m_TagString: Untagged
  m_Icon: {fileID: 0}
  m_NavMeshLayer: 0
  m_StaticEditorFlags: 0
  m_IsActive: 1
--- !u!4 &5392123548218925791
Transform:
  m_ObjectHideFlags: 0
  m_CorrespondingSourceObject: {fileID: 0}
  m_PrefabInstance: {fileID: 0}
  m_PrefabAsset: {fileID: 0}
  m_GameObject: {fileID: 5392123548218965759}
  m_LocalRotation: {x: 0.0035364665, y: 0.052734572, z: 0.055409323, w: 0.9970639}
  m_LocalPosition: {x: -0.07204939, y: 0.011996693, z: -0.0036964668}
  m_LocalScale: {x: 1, y: 1, z: 1}
  m_Children:
  - {fileID: 5392123548218925723}
  m_Father: {fileID: 5392123548218925743}
  m_RootOrder: 1
  m_LocalEulerAnglesHint: {x: 0, y: 0, z: 0}
--- !u!1 &5392123548218965761
GameObject:
  m_ObjectHideFlags: 0
  m_CorrespondingSourceObject: {fileID: 0}
  m_PrefabInstance: {fileID: 0}
  m_PrefabAsset: {fileID: 0}
  serializedVersion: 6
  m_Component:
  - component: {fileID: 5392123548218925793}
  m_Layer: 0
  m_Name: B-upper_arm.L
  m_TagString: Untagged
  m_Icon: {fileID: 0}
  m_NavMeshLayer: 0
  m_StaticEditorFlags: 0
  m_IsActive: 1
--- !u!4 &5392123548218925793
Transform:
  m_ObjectHideFlags: 0
  m_CorrespondingSourceObject: {fileID: 0}
  m_PrefabInstance: {fileID: 0}
  m_PrefabAsset: {fileID: 0}
  m_GameObject: {fileID: 5392123548218965761}
  m_LocalRotation: {x: 0.69885683, y: -0.00807442, z: 0.06395425, w: 0.7123509}
  m_LocalPosition: {x: -0.17239256, y: -0.0013932252, z: -0.068611555}
  m_LocalScale: {x: 1, y: 1, z: 1}
  m_Children:
  - {fileID: 5392123548218925731}
  m_Father: {fileID: 5392123548218925775}
  m_RootOrder: 0
  m_LocalEulerAnglesHint: {x: 0, y: 0, z: 0}
--- !u!1 &5392123548218965763
GameObject:
  m_ObjectHideFlags: 0
  m_CorrespondingSourceObject: {fileID: 0}
  m_PrefabInstance: {fileID: 0}
  m_PrefabAsset: {fileID: 0}
  serializedVersion: 6
  m_Component:
  - component: {fileID: 5392123548218925795}
  m_Layer: 0
  m_Name: B-upper_arm.R
  m_TagString: Untagged
  m_Icon: {fileID: 0}
  m_NavMeshLayer: 0
  m_StaticEditorFlags: 0
  m_IsActive: 1
--- !u!4 &5392123548218925795
Transform:
  m_ObjectHideFlags: 0
  m_CorrespondingSourceObject: {fileID: 0}
  m_PrefabInstance: {fileID: 0}
  m_PrefabAsset: {fileID: 0}
  m_GameObject: {fileID: 5392123548218965763}
  m_LocalRotation: {x: -0.69885683, y: -0.00807432, z: -0.063954264, w: 0.7123509}
  m_LocalPosition: {x: -0.17239253, y: 0.0013932502, z: -0.06861141}
  m_LocalScale: {x: 1, y: 1, z: 1}
  m_Children:
  - {fileID: 5392123548218925741}
  m_Father: {fileID: 5392123548218925769}
  m_RootOrder: 0
  m_LocalEulerAnglesHint: {x: 0, y: 0, z: 0}
--- !u!1 &5392123548218965765
GameObject:
  m_ObjectHideFlags: 0
  m_CorrespondingSourceObject: {fileID: 0}
  m_PrefabInstance: {fileID: 0}
  m_PrefabAsset: {fileID: 0}
  serializedVersion: 6
  m_Component:
  - component: {fileID: 5392123548218925797}
  m_Layer: 0
  m_Name: B-toe.L
  m_TagString: Untagged
  m_Icon: {fileID: 0}
  m_NavMeshLayer: 0
  m_StaticEditorFlags: 0
  m_IsActive: 1
--- !u!4 &5392123548218925797
Transform:
  m_ObjectHideFlags: 0
  m_CorrespondingSourceObject: {fileID: 0}
  m_PrefabInstance: {fileID: 0}
  m_PrefabAsset: {fileID: 0}
  m_GameObject: {fileID: 5392123548218965765}
  m_LocalRotation: {x: 0.9663783, y: -0.018375587, z: 0.24988215, w: 0.057743315}
  m_LocalPosition: {x: -0.16861284, y: 0.000000016391278, z: 0.0000000077486035}
  m_LocalScale: {x: 1, y: 1, z: 1}
  m_Children: []
  m_Father: {fileID: 5392123548218925735}
  m_RootOrder: 0
  m_LocalEulerAnglesHint: {x: 0, y: 0, z: 0}
--- !u!1 &5392123548218965767
GameObject:
  m_ObjectHideFlags: 0
  m_CorrespondingSourceObject: {fileID: 0}
  m_PrefabInstance: {fileID: 0}
  m_PrefabAsset: {fileID: 0}
  serializedVersion: 6
  m_Component:
  - component: {fileID: 5392123548218925799}
  m_Layer: 0
  m_Name: B-toe.R
  m_TagString: Untagged
  m_Icon: {fileID: 0}
  m_NavMeshLayer: 0
  m_StaticEditorFlags: 0
  m_IsActive: 1
--- !u!4 &5392123548218925799
Transform:
  m_ObjectHideFlags: 0
  m_CorrespondingSourceObject: {fileID: 0}
  m_PrefabInstance: {fileID: 0}
  m_PrefabAsset: {fileID: 0}
  m_GameObject: {fileID: 5392123548218965767}
  m_LocalRotation: {x: 0.96637833, y: 0.01837546, z: 0.24988212, w: -0.05774307}
  m_LocalPosition: {x: -0.16861285, y: 0.000000021755694, z: 0.000000008940696}
  m_LocalScale: {x: 1, y: 1, z: 1}
  m_Children: []
  m_Father: {fileID: 5392123548218925729}
  m_RootOrder: 0
  m_LocalEulerAnglesHint: {x: 0, y: 0, z: 0}
--- !u!1 &5392123548218965771
GameObject:
  m_ObjectHideFlags: 0
  m_CorrespondingSourceObject: {fileID: 0}
  m_PrefabInstance: {fileID: 0}
  m_PrefabAsset: {fileID: 0}
  serializedVersion: 6
  m_Component:
  - component: {fileID: 5392123548218925803}
  m_Layer: 0
  m_Name: ExampleRig01
  m_TagString: Untagged
  m_Icon: {fileID: 0}
  m_NavMeshLayer: 0
  m_StaticEditorFlags: 0
  m_IsActive: 1
--- !u!4 &5392123548218925803
Transform:
  m_ObjectHideFlags: 0
  m_CorrespondingSourceObject: {fileID: 0}
  m_PrefabInstance: {fileID: 0}
  m_PrefabAsset: {fileID: 0}
  m_GameObject: {fileID: 5392123548218965771}
  m_LocalRotation: {x: 0.000000021855694, y: 0, z: -0, w: 1}
  m_LocalPosition: {x: -0, y: 0, z: 0}
  m_LocalScale: {x: 1, y: 1, z: 1}
  m_Children:
  - {fileID: 5392123548218925845}
  m_Father: {fileID: 5392123548218925807}
  m_RootOrder: 1
  m_LocalEulerAnglesHint: {x: 0, y: 0, z: 0}
--- !u!1 &5392123548218965773
GameObject:
  m_ObjectHideFlags: 0
  m_CorrespondingSourceObject: {fileID: 0}
  m_PrefabInstance: {fileID: 0}
  m_PrefabAsset: {fileID: 0}
  serializedVersion: 6
  m_Component:
  - component: {fileID: 5392123548218925805}
  m_Layer: 0
  m_Name: B-upperChest
  m_TagString: Untagged
  m_Icon: {fileID: 0}
  m_NavMeshLayer: 0
  m_StaticEditorFlags: 0
  m_IsActive: 1
--- !u!4 &5392123548218925805
Transform:
  m_ObjectHideFlags: 0
  m_CorrespondingSourceObject: {fileID: 0}
  m_PrefabInstance: {fileID: 0}
  m_PrefabAsset: {fileID: 0}
  m_GameObject: {fileID: 5392123548218965773}
  m_LocalRotation: {x: 0.0000000023326097, y: 0.030896354, z: 1.1468305e-15, w: 0.9995226}
  m_LocalPosition: {x: -0.14210981, y: 0.000000010728986, z: 0.0000000023841857}
  m_LocalScale: {x: 1, y: 1, z: 1}
  m_Children:
  - {fileID: 5392123548218925777}
  - {fileID: 5392123548218925775}
  - {fileID: 5392123548218925769}
  m_Father: {fileID: 5392123548218925717}
  m_RootOrder: 0
  m_LocalEulerAnglesHint: {x: 0, y: 0, z: 0}
--- !u!1 &5392123548218965775
GameObject:
  m_ObjectHideFlags: 0
  m_CorrespondingSourceObject: {fileID: 0}
  m_PrefabInstance: {fileID: 0}
  m_PrefabAsset: {fileID: 0}
  serializedVersion: 6
  m_Component:
  - component: {fileID: 5392123548218925807}
  - component: {fileID: 5392123548209597813}
  m_Layer: 0
  m_Name: Hands
  m_TagString: Untagged
  m_Icon: {fileID: 0}
  m_NavMeshLayer: 0
  m_StaticEditorFlags: 0
  m_IsActive: 1
--- !u!4 &5392123548218925807
Transform:
  m_ObjectHideFlags: 0
  m_CorrespondingSourceObject: {fileID: 0}
  m_PrefabInstance: {fileID: 0}
  m_PrefabAsset: {fileID: 0}
  m_GameObject: {fileID: 5392123548218965775}
  m_LocalRotation: {x: -0, y: -0, z: -0, w: 1}
  m_LocalPosition: {x: 3.9125051, y: -1.3505611, z: -7.230735}
  m_LocalScale: {x: 1, y: 1, z: 1}
  m_Children:
  - {fileID: 5392123548218925841}
  - {fileID: 5392123548218925803}
  m_Father: {fileID: 0}
  m_RootOrder: 0
  m_LocalEulerAnglesHint: {x: 0, y: 0, z: 0}
--- !u!95 &5392123548209597813
Animator:
  serializedVersion: 3
  m_ObjectHideFlags: 0
  m_CorrespondingSourceObject: {fileID: 0}
  m_PrefabInstance: {fileID: 0}
  m_PrefabAsset: {fileID: 0}
  m_GameObject: {fileID: 5392123548218965775}
  m_Enabled: 1
  m_Avatar: {fileID: 9000000, guid: 180db941c9f276443955074b073a7f1e, type: 3}
  m_Controller: {fileID: 0}
  m_CullingMode: 1
  m_UpdateMode: 0
  m_ApplyRootMotion: 0
  m_LinearVelocityBlending: 0
  m_WarningMessage: 
  m_HasTransformHierarchy: 1
  m_AllowConstantClipSamplingOptimization: 1
  m_KeepAnimatorControllerStateOnDisable: 0
--- !u!1 &5392123548218965777
GameObject:
  m_ObjectHideFlags: 0
  m_CorrespondingSourceObject: {fileID: 0}
  m_PrefabInstance: {fileID: 0}
  m_PrefabAsset: {fileID: 0}
  serializedVersion: 6
  m_Component:
  - component: {fileID: 5392123548218925809}
  m_Layer: 0
  m_Name: B-thumb_01.L
  m_TagString: Untagged
  m_Icon: {fileID: 0}
  m_NavMeshLayer: 0
  m_StaticEditorFlags: 0
  m_IsActive: 1
--- !u!4 &5392123548218925809
Transform:
  m_ObjectHideFlags: 0
  m_CorrespondingSourceObject: {fileID: 0}
  m_PrefabInstance: {fileID: 0}
  m_PrefabAsset: {fileID: 0}
  m_GameObject: {fileID: 5392123548218965777}
  m_LocalRotation: {x: 0.59806883, y: -0.16778056, z: -0.4693503, w: 0.6275935}
  m_LocalPosition: {x: 0.032262076, y: -0.0093878675, z: 0.0073006665}
  m_LocalScale: {x: 1, y: 1, z: 1}
  m_Children:
  - {fileID: 5392123548218925821}
  m_Father: {fileID: 5392123548218925779}
  m_RootOrder: 1
  m_LocalEulerAnglesHint: {x: 0, y: 0, z: 0}
--- !u!1 &5392123548218965779
GameObject:
  m_ObjectHideFlags: 0
  m_CorrespondingSourceObject: {fileID: 0}
  m_PrefabInstance: {fileID: 0}
  m_PrefabAsset: {fileID: 0}
  serializedVersion: 6
  m_Component:
  - component: {fileID: 5392123548218925811}
  m_Layer: 0
  m_Name: B-thumb_01.R
  m_TagString: Untagged
  m_Icon: {fileID: 0}
  m_NavMeshLayer: 0
  m_StaticEditorFlags: 0
  m_IsActive: 1
--- !u!4 &5392123548218925811
Transform:
  m_ObjectHideFlags: 0
  m_CorrespondingSourceObject: {fileID: 0}
  m_PrefabInstance: {fileID: 0}
  m_PrefabAsset: {fileID: 0}
  m_GameObject: {fileID: 5392123548218965779}
  m_LocalRotation: {x: -0.5980687, y: -0.16778052, z: 0.46935037, w: 0.62759364}
  m_LocalPosition: {x: 0.032262105, y: 0.009387879, z: 0.007300858}
  m_LocalScale: {x: 1, y: 1, z: 1}
  m_Children:
  - {fileID: 5392123548218925823}
  m_Father: {fileID: 5392123548218925789}
  m_RootOrder: 1
  m_LocalEulerAnglesHint: {x: 0, y: 0, z: 0}
--- !u!1 &5392123548218965781
GameObject:
  m_ObjectHideFlags: 0
  m_CorrespondingSourceObject: {fileID: 0}
  m_PrefabInstance: {fileID: 0}
  m_PrefabAsset: {fileID: 0}
  serializedVersion: 6
  m_Component:
  - component: {fileID: 5392123548218925813}
  m_Layer: 0
  m_Name: B-thigh.L
  m_TagString: Untagged
  m_Icon: {fileID: 0}
  m_NavMeshLayer: 0
  m_StaticEditorFlags: 0
  m_IsActive: 1
--- !u!4 &5392123548218925813
Transform:
  m_ObjectHideFlags: 0
  m_CorrespondingSourceObject: {fileID: 0}
  m_PrefabInstance: {fileID: 0}
  m_PrefabAsset: {fileID: 0}
  m_GameObject: {fileID: 5392123548218965781}
  m_LocalRotation: {x: 0.02232741, y: 0.99867, z: -0.045161646, w: 0.0109621035}
  m_LocalPosition: {x: -0.064455666, y: -0.07564618, z: 0.004877541}
  m_LocalScale: {x: 1, y: 1, z: 1}
  m_Children:
  - {fileID: 5392123548218925763}
  m_Father: {fileID: 5392123548218925781}
  m_RootOrder: 1
  m_LocalEulerAnglesHint: {x: 0, y: 0, z: 0}
--- !u!1 &5392123548218965783
GameObject:
  m_ObjectHideFlags: 0
  m_CorrespondingSourceObject: {fileID: 0}
  m_PrefabInstance: {fileID: 0}
  m_PrefabAsset: {fileID: 0}
  serializedVersion: 6
  m_Component:
  - component: {fileID: 5392123548218925815}
  m_Layer: 0
  m_Name: B-thigh.R
  m_TagString: Untagged
  m_Icon: {fileID: 0}
  m_NavMeshLayer: 0
  m_StaticEditorFlags: 0
  m_IsActive: 1
--- !u!4 &5392123548218925815
Transform:
  m_ObjectHideFlags: 0
  m_CorrespondingSourceObject: {fileID: 0}
  m_PrefabInstance: {fileID: 0}
  m_PrefabAsset: {fileID: 0}
  m_GameObject: {fileID: 5392123548218965783}
  m_LocalRotation: {x: -0.022328416, y: 0.99867, z: 0.04516181, w: 0.010962054}
  m_LocalPosition: {x: -0.06445566, y: 0.07564619, z: 0.0048775384}
  m_LocalScale: {x: 1, y: 1, z: 1}
  m_Children:
  - {fileID: 5392123548218925773}
  m_Father: {fileID: 5392123548218925781}
  m_RootOrder: 2
  m_LocalEulerAnglesHint: {x: 0, y: 0, z: 0}
--- !u!1 &5392123548218965785
GameObject:
  m_ObjectHideFlags: 0
  m_CorrespondingSourceObject: {fileID: 0}
  m_PrefabInstance: {fileID: 0}
  m_PrefabAsset: {fileID: 0}
  serializedVersion: 6
  m_Component:
  - component: {fileID: 5392123548218925817}
  m_Layer: 0
  m_Name: B-thumb_03.L
  m_TagString: Untagged
  m_Icon: {fileID: 0}
  m_NavMeshLayer: 0
  m_StaticEditorFlags: 0
  m_IsActive: 1
--- !u!4 &5392123548218925817
Transform:
  m_ObjectHideFlags: 0
  m_CorrespondingSourceObject: {fileID: 0}
  m_PrefabInstance: {fileID: 0}
  m_PrefabAsset: {fileID: 0}
  m_GameObject: {fileID: 5392123548218965785}
  m_LocalRotation: {x: 0.015745765, y: -0.037332427, z: 0.0031419036, w: 0.99917394}
  m_LocalPosition: {x: -0.045053024, y: -0.000000009536743, z: -0.000000007152557}
  m_LocalScale: {x: 1, y: 1, z: 1}
  m_Children: []
  m_Father: {fileID: 5392123548218925821}
  m_RootOrder: 0
  m_LocalEulerAnglesHint: {x: 0, y: 0, z: 0}
--- !u!1 &5392123548218965787
GameObject:
  m_ObjectHideFlags: 0
  m_CorrespondingSourceObject: {fileID: 0}
  m_PrefabInstance: {fileID: 0}
  m_PrefabAsset: {fileID: 0}
  serializedVersion: 6
  m_Component:
  - component: {fileID: 5392123548218925819}
  m_Layer: 0
  m_Name: B-thumb_03.R
  m_TagString: Untagged
  m_Icon: {fileID: 0}
  m_NavMeshLayer: 0
  m_StaticEditorFlags: 0
  m_IsActive: 1
--- !u!4 &5392123548218925819
Transform:
  m_ObjectHideFlags: 0
  m_CorrespondingSourceObject: {fileID: 0}
  m_PrefabInstance: {fileID: 0}
  m_PrefabAsset: {fileID: 0}
  m_GameObject: {fileID: 5392123548218965787}
  m_LocalRotation: {x: -0.015745778, y: -0.03733245, z: -0.0031419187, w: 0.99917394}
  m_LocalPosition: {x: -0.045052994, y: 0.00000008106232, z: -0.000000038146972}
  m_LocalScale: {x: 1, y: 1, z: 1}
  m_Children: []
  m_Father: {fileID: 5392123548218925823}
  m_RootOrder: 0
  m_LocalEulerAnglesHint: {x: 0, y: 0, z: 0}
--- !u!1 &5392123548218965789
GameObject:
  m_ObjectHideFlags: 0
  m_CorrespondingSourceObject: {fileID: 0}
  m_PrefabInstance: {fileID: 0}
  m_PrefabAsset: {fileID: 0}
  serializedVersion: 6
  m_Component:
  - component: {fileID: 5392123548218925821}
  m_Layer: 0
  m_Name: B-thumb_02.L
  m_TagString: Untagged
  m_Icon: {fileID: 0}
  m_NavMeshLayer: 0
  m_StaticEditorFlags: 0
  m_IsActive: 1
--- !u!4 &5392123548218925821
Transform:
  m_ObjectHideFlags: 0
  m_CorrespondingSourceObject: {fileID: 0}
  m_PrefabInstance: {fileID: 0}
  m_PrefabAsset: {fileID: 0}
  m_GameObject: {fileID: 5392123548218965789}
  m_LocalRotation: {x: -0.30672854, y: -0.0713805, z: -0.10299257, w: 0.9435121}
  m_LocalPosition: {x: -0.054761812, y: 0.00000016212464, z: 0.000000034570693}
  m_LocalScale: {x: 1, y: 1, z: 1}
  m_Children:
  - {fileID: 5392123548218925817}
  m_Father: {fileID: 5392123548218925809}
  m_RootOrder: 0
  m_LocalEulerAnglesHint: {x: 0, y: 0, z: 0}
--- !u!1 &5392123548218965791
GameObject:
  m_ObjectHideFlags: 0
  m_CorrespondingSourceObject: {fileID: 0}
  m_PrefabInstance: {fileID: 0}
  m_PrefabAsset: {fileID: 0}
  serializedVersion: 6
  m_Component:
  - component: {fileID: 5392123548218925823}
  m_Layer: 0
  m_Name: B-thumb_02.R
  m_TagString: Untagged
  m_Icon: {fileID: 0}
  m_NavMeshLayer: 0
  m_StaticEditorFlags: 0
  m_IsActive: 1
--- !u!4 &5392123548218925823
Transform:
  m_ObjectHideFlags: 0
  m_CorrespondingSourceObject: {fileID: 0}
  m_PrefabInstance: {fileID: 0}
  m_PrefabAsset: {fileID: 0}
  m_GameObject: {fileID: 5392123548218965791}
  m_LocalRotation: {x: 0.30672836, y: -0.07138055, z: 0.10299254, w: 0.94351214}
  m_LocalPosition: {x: -0.054761823, y: 0.000000007152557, z: 0.000000026226044}
  m_LocalScale: {x: 1, y: 1, z: 1}
  m_Children:
  - {fileID: 5392123548218925819}
  m_Father: {fileID: 5392123548218925811}
  m_RootOrder: 0
  m_LocalEulerAnglesHint: {x: 0, y: 0, z: 0}
--- !u!1 &5392123548218965809
GameObject:
  m_ObjectHideFlags: 0
  m_CorrespondingSourceObject: {fileID: 0}
  m_PrefabInstance: {fileID: 0}
  m_PrefabAsset: {fileID: 0}
  serializedVersion: 6
  m_Component:
  - component: {fileID: 5392123548218925841}
  - component: {fileID: 5392123548213752753}
  m_Layer: 0
  m_Name: ExampleModel01_Hands
  m_TagString: Untagged
  m_Icon: {fileID: 0}
  m_NavMeshLayer: 0
  m_StaticEditorFlags: 0
  m_IsActive: 1
--- !u!4 &5392123548218925841
Transform:
  m_ObjectHideFlags: 0
  m_CorrespondingSourceObject: {fileID: 0}
  m_PrefabInstance: {fileID: 0}
  m_PrefabAsset: {fileID: 0}
  m_GameObject: {fileID: 5392123548218965809}
  m_LocalRotation: {x: 0, y: -0, z: -0, w: 1}
  m_LocalPosition: {x: -0, y: -1.4863907e-10, z: -2e-17}
  m_LocalScale: {x: 1, y: 1, z: 1}
  m_Children: []
  m_Father: {fileID: 5392123548218925807}
  m_RootOrder: 0
  m_LocalEulerAnglesHint: {x: 0, y: 0, z: 0}
--- !u!137 &5392123548213752753
SkinnedMeshRenderer:
  m_ObjectHideFlags: 0
  m_CorrespondingSourceObject: {fileID: 0}
  m_PrefabInstance: {fileID: 0}
  m_PrefabAsset: {fileID: 0}
  m_GameObject: {fileID: 5392123548218965809}
  m_Enabled: 1
  m_CastShadows: 1
  m_ReceiveShadows: 1
  m_DynamicOccludee: 1
  m_MotionVectors: 1
  m_LightProbeUsage: 1
  m_ReflectionProbeUsage: 1
  m_RayTracingMode: 0
  m_RayTraceProcedural: 0
  m_RenderingLayerMask: 1
  m_RendererPriority: 0
  m_Materials:
  - {fileID: 2100000, guid: d507bf4867c01fe479be4c7a89e6af30, type: 2}
  m_StaticBatchInfo:
    firstSubMesh: 0
    subMeshCount: 0
  m_StaticBatchRoot: {fileID: 0}
  m_ProbeAnchor: {fileID: 0}
  m_LightProbeVolumeOverride: {fileID: 0}
  m_ScaleInLightmap: 1
  m_ReceiveGI: 1
  m_PreserveUVs: 0
  m_IgnoreNormalsForChartDetection: 0
  m_ImportantGI: 0
  m_StitchLightmapSeams: 1
  m_SelectedEditorRenderState: 3
  m_MinimumChartSize: 4
  m_AutoUVMaxDistance: 0.5
  m_AutoUVMaxAngle: 89
  m_LightmapParameters: {fileID: 0}
  m_SortingLayerID: 0
  m_SortingLayer: 0
  m_SortingOrder: 0
  serializedVersion: 2
  m_Quality: 0
  m_UpdateWhenOffscreen: 0
  m_SkinnedMotionVectors: 1
  m_Mesh: {fileID: 4300004, guid: 180db941c9f276443955074b073a7f1e, type: 3}
  m_Bones:
  - {fileID: 5392123548218925781}
  - {fileID: 5392123548218925771}
  - {fileID: 5392123548218925717}
  - {fileID: 5392123548218925805}
  - {fileID: 5392123548218925777}
  - {fileID: 5392123548218925739}
  - {fileID: 5392123548218925783}
  - {fileID: 5392123548218925775}
  - {fileID: 5392123548218925793}
  - {fileID: 5392123548218925731}
  - {fileID: 5392123548218925743}
  - {fileID: 5392123548218925719}
  - {fileID: 5392123548218925715}
  - {fileID: 5392123548218925727}
  - {fileID: 5392123548218925809}
  - {fileID: 5392123548218925821}
  - {fileID: 5392123548218925817}
  - {fileID: 5392123548218925723}
  - {fileID: 5392123548218925703}
  - {fileID: 5392123548218925699}
  - {fileID: 5392123548218925747}
  - {fileID: 5392123548218925759}
  - {fileID: 5392123548218925755}
  - {fileID: 5392123548218925711}
  - {fileID: 5392123548218925707}
  - {fileID: 5392123548218925751}
  - {fileID: 5392123548218925769}
  - {fileID: 5392123548218925795}
  - {fileID: 5392123548218925741}
  - {fileID: 5392123548218925737}
  - {fileID: 5392123548218925713}
  - {fileID: 5392123548218925725}
  - {fileID: 5392123548218925721}
  - {fileID: 5392123548218925811}
  - {fileID: 5392123548218925823}
  - {fileID: 5392123548218925819}
  - {fileID: 5392123548218925701}
  - {fileID: 5392123548218925697}
  - {fileID: 5392123548218925709}
  - {fileID: 5392123548218925757}
  - {fileID: 5392123548218925753}
  - {fileID: 5392123548218925733}
  - {fileID: 5392123548218925705}
  - {fileID: 5392123548218925749}
  - {fileID: 5392123548218925745}
  - {fileID: 5392123548218925813}
  - {fileID: 5392123548218925763}
  - {fileID: 5392123548218925735}
  - {fileID: 5392123548218925797}
  - {fileID: 5392123548218925815}
  - {fileID: 5392123548218925773}
  - {fileID: 5392123548218925729}
  - {fileID: 5392123548218925799}
  m_BlendShapeWeights: []
  m_RootBone: {fileID: 5392123548218925781}
  m_AABB:
    m_Center: {x: -0.44557077, y: 0.00000023841858, z: 0.08292525}
    m_Extent: {x: 0.08478415, y: 0.8617338, z: 0.118510656}
  m_DirtyAABB: 0
--- !u!1 &5392123548218965813
GameObject:
  m_ObjectHideFlags: 0
  m_CorrespondingSourceObject: {fileID: 0}
  m_PrefabInstance: {fileID: 0}
  m_PrefabAsset: {fileID: 0}
  serializedVersion: 6
  m_Component:
  - component: {fileID: 5392123548218925845}
  m_Layer: 0
  m_Name: root
  m_TagString: Untagged
  m_Icon: {fileID: 0}
  m_NavMeshLayer: 0
  m_StaticEditorFlags: 0
  m_IsActive: 1
--- !u!4 &5392123548218925845
Transform:
  m_ObjectHideFlags: 0
  m_CorrespondingSourceObject: {fileID: 0}
  m_PrefabInstance: {fileID: 0}
  m_PrefabAsset: {fileID: 0}
  m_GameObject: {fileID: 5392123548218965813}
  m_LocalRotation: {x: 0.000000043711385, y: -1.924376e-15, z: 0.000000034634514, w: 1}
  m_LocalPosition: {x: -0, y: 0, z: 0}
  m_LocalScale: {x: 1, y: 1, z: 1}
  m_Children:
  - {fileID: 5392123548218925781}
  m_Father: {fileID: 5392123548218925803}
  m_RootOrder: 0
  m_LocalEulerAnglesHint: {x: 0, y: 0, z: 0}
